<record><leader>00000cas a22000007a 4500</leader><controlfield tag="001">20952217</controlfield><controlfield tag="008">900124d19341951mouwr ne      0    0eng d</controlfield><datafield ind1=" " ind2=" " tag="010"><subfield code="a">sn 90061150 </subfield></datafield><datafield ind1=" " ind2=" " tag="040"><subfield code="a">MQN</subfield><subfield code="b">eng</subfield><subfield code="c">MQN</subfield><subfield code="d">OCLCQ</subfield></datafield><datafield ind1=" " ind2=" " tag="042"><subfield code="a">msc</subfield></datafield><datafield ind1="0" ind2=" " tag="130"><subfield code="a">Observer (Clayton, Mo.)</subfield></datafield><datafield ind1="1" ind2="4" tag="245"><subfield code="a">The observer.</subfield></datafield><datafield ind1=" " ind2=" " tag="260"><subfield code="a">Clayton, Mo. :</subfield><subfield code="b">St. Louis County Observer,</subfield><subfield code="c">1934-1951.</subfield></datafield><datafield ind1=" " ind2=" " tag="300"><subfield code="a">v.</subfield></datafield><datafield ind1=" " ind2=" " tag="310"><subfield code="a">Weekly</subfield></datafield><datafield ind1="0" ind2=" " tag="362"><subfield code="a">Vol. 1, no. 7 (June 21, 1934)-v. 18, no. 28 (Nov. 14, 1951).</subfield></datafield><datafield ind1=" " ind2=" " tag="500"><subfield code="a">Published later in Saint Louis, and various locations within Saint Louis County, Mo.</subfield></datafield><datafield ind1=" " ind2=" " tag="752"><subfield code="a">United States</subfield><subfield code="b">Missouri</subfield><subfield code="c">Saint Louis</subfield><subfield code="d">Clayton.</subfield></datafield><datafield ind1=" " ind2=" " tag="752"><subfield code="a">United States</subfield><subfield code="b">Missouri</subfield><subfield code="d">Saint Louis.</subfield></datafield><datafield ind1="0" ind2="0" tag="780"><subfield code="t">St. Louis County observer (Clayton, Mo.)</subfield><subfield code="w">(DLC)sn 90061148</subfield></datafield><datafield ind1="0" ind2="7" tag="785"><subfield code="t">Suburban review</subfield></datafield><datafield ind1="0" ind2="7" tag="785"><subfield code="t">Observer and suburban review</subfield><subfield code="w">(DLC)sn 90061151</subfield></datafield></record>